@misc{HistData,
  howpublished = {
        http://www.histdata.com}
}
@misc{TrendCalculus,
  howpublished = {https://github.com/lamastex/spark-trend-calculus}}
@misc{Pathogen,
  howpublished = {https://github.com/lamastex/pathogen}}
@misc{TrendCalculusNotebooks,
  howpublished = {https://github.com/lamastex/spark-trend-calculus-examples}
}
@misc{PathogenNotebooks,
  howpublished = {https://github.com/lamastex/pathogen-examples}
}
